@article{Sundell,
author = {Sundell, HAykan and Tsigas, Philippas},
year = {2008},
month = {07},
pages = {1008-1020},
title = {Lock-free deques and doubly linked lists},
volume = {68},
booktitle = {Journal of Parallel and Distributed Computing}
}

@inproceedings{Harris,
 author = {Harris, Timothy L.},
 title = {A Pragmatic Implementation of Non-blocking Linked-Lists},
 booktitle = {Proceedings of the 15th International Conference on Distributed Computing},
 series = {DISC '01},
 year = {2001},
 isbn = {3-540-42605-1},
 pages = {300--314},
 numpages = {15},
 url = {http://dl.acm.org/citation.cfm?id=645958.676105},
 acmid = {676105},
 publisher = {Springer-Verlag},
 address = {London, UK, UK},
}

@misc{tbbNoList,
author = {Robison, Arch D.},
title = {Linked Lists - Incompatible with Parallel Programming?},
year = {2007},
url = {https://software.intel.com/en-us/blogs/2007/12/20/linked-lists-incompatible-with-parallel-programming}
}
