@inproceedings{Harris,
 author = {Harris, Timothy L.},
 title = {A Pragmatic Implementation of Non-blocking Linked-Lists},
 booktitle = {Proceedings of the 15th International Conference on Distributed Computing},
 series = {DISC '01},
 year = {2001},
 isbn = {3-540-42605-1},
 pages = {300--314},
 numpages = {15},
 url = {http://dl.acm.org/citation.cfm?id=645958.676105},
 acmid = {676105},
 publisher = {Springer-Verlag},
 address = {London, UK, UK},
}

@inproceedings{Fomitchev,
 author = {Fomitchev, Mikhail and Ruppert, Eric},
 title = {Lock-free Linked Lists and Skip Lists},
 booktitle = {Proceedings of the Twenty-third Annual ACM Symposium on Principles of Distributed Computing},
 series = {PODC '04},
 year = {2004},
 isbn = {1-58113-802-4},
 location = {St. John's, Newfoundland, Canada},
 pages = {50--59},
 numpages = {10},
 url = {http://doi.acm.org/10.1145/1011767.1011776},
 doi = {10.1145/1011767.1011776},
 acmid = {1011776},
 publisher = {ACM},
 address = {New York, NY, USA},
 keywords = {amortized analysis, analysis, distributed, efficient, fault-tolerant, linked list, lock-free, skip list},
}

@inproceedings{Maged,
 author = {Michael, Maged M.},
 title = {High Performance Dynamic Lock-free Hash Tables and List-based Sets},
 booktitle = {Proceedings of the Fourteenth Annual ACM Symposium on Parallel Algorithms and Architectures},
 series = {SPAA '02},
 year = {2002},
 isbn = {1-58113-529-7},
 location = {Winnipeg, Manitoba, Canada},
 pages = {73--82},
 numpages = {10},
 url = {http://doi.acm.org/10.1145/564870.564881},
 doi = {10.1145/564870.564881},
 acmid = {564881},
 publisher = {ACM},
 address = {New York, NY, USA},
}

@book{DL,
 title={Deep Learning},
 author={Ian Goodfellow and Yoshua Bengio and Aaron Courville},
 publisher={MIT Press},
 note={\url{http://www.deeplearningbook.org}},
 year={2016}
}

@article{PDDL,
 title={Parallel and Distributed Deep Learning},
 author={Hegde, Vishakh and Usmani, Sheema},
 year={2016}
}

@article{DBLP,
 author    = {Shuxin Zheng and
              Qi Meng and
              Taifeng Wang and
              Wei Chen and
              Nenghai Yu and
              Zhiming Ma and
              Tie{-}Yan Liu},
 title     = {Asynchronous Stochastic Gradient Descent with Delay Compensation for
              Distributed Deep Learning},
 journal   = {CoRR},
 volume    = {abs/1609.08326},
 year      = {2016},
 url       = {http://arxiv.org/abs/1609.08326},
 archivePrefix = {arXiv},
 eprint    = {1609.08326},
 timestamp = {Thu, 08 Mar 2018 00:36:29 +0100},
 biburl    = {https://dblp.org/rec/bib/journals/corr/ZhengMWCYML16},
 bibsource = {dblp computer science bibliography, https://dblp.org}
}

@inproceedings{Dean,
 author = {Dean, Jeffrey and
           Corrado, Greg S. and
           Monga, Rajat and
           Chen, Kai and
           Devin, Matthieu and
           Le, Quoc V. and
           Mao, Mark Z. and
           Ranzato, Marc'Aurelio and
           Senior, Andrew and
           Tucker, Paul and
           Yang, Ke and
           Ng, Andrew Y.},
 title = {Large Scale Distributed Deep Networks},
 booktitle = {Proceedings of the 25th International Conference on Neural Information Processing Systems - Volume 1},
 series = {NIPS'12},
 year = {2012},
 location = {Lake Tahoe, Nevada},
 pages = {1223--1231},
 numpages = {9},
 url = {http://dl.acm.org/citation.cfm?id=2999134.2999271},
 acmid = {2999271},
 publisher = {Curran Associates Inc.},
 address = {USA},
}
