@inproceedings{Harris,
 author = {Harris, Timothy L.},
 title = {A Pragmatic Implementation of Non-blocking Linked-Lists},
 booktitle = {Proceedings of the 15th International Conference on Distributed Computing},
 series = {DISC '01},
 year = {2001},
 isbn = {3-540-42605-1},
 pages = {300--314},
 numpages = {15},
 url = {http://dl.acm.org/citation.cfm?id=645958.676105},
 acmid = {676105},
 publisher = {Springer-Verlag},
 address = {London, UK, UK},
}

@inproceedings{Fomitchev,
 author = {Fomitchev, Mikhail and Ruppert, Eric},
 title = {Lock-free Linked Lists and Skip Lists},
 booktitle = {Proceedings of the Twenty-third Annual ACM Symposium on Principles of Distributed Computing},
 series = {PODC '04},
 year = {2004},
 isbn = {1-58113-802-4},
 location = {St. John's, Newfoundland, Canada},
 pages = {50--59},
 numpages = {10},
 url = {http://doi.acm.org/10.1145/1011767.1011776},
 doi = {10.1145/1011767.1011776},
 acmid = {1011776},
 publisher = {ACM},
 address = {New York, NY, USA},
 keywords = {amortized analysis, analysis, distributed, efficient, fault-tolerant, linked list, lock-free, skip list},
}

@inproceedings{Maged,
 author = {Michael, Maged M.},
 title = {High Performance Dynamic Lock-free Hash Tables and List-based Sets},
 booktitle = {Proceedings of the Fourteenth Annual ACM Symposium on Parallel Algorithms and Architectures},
 series = {SPAA '02},
 year = {2002},
 isbn = {1-58113-529-7},
 location = {Winnipeg, Manitoba, Canada},
 pages = {73--82},
 numpages = {10},
 url = {http://doi.acm.org/10.1145/564870.564881},
 doi = {10.1145/564870.564881},
 acmid = {564881},
 publisher = {ACM},
 address = {New York, NY, USA},
}

@book{Williams,
 title={C++ Concurrency in Action: Practical Multithreading},
 author={Williams, A.},
 isbn={9781933988771},
 lccn={2011841189},
 series={Manning Pubs Co Series},
 url={https://books.google.com/books?id=EttPPgAACAAJ},
 year={2012},
 publisher={Manning}
}
